<record><leader>00000cas a2200000 a 4500</leader><controlfield tag="001">9526814</controlfield><controlfield tag="008">830519d19721972maudr ne      0    0eng c</controlfield><datafield ind1=" " ind2=" " tag="010"><subfield code="a">sn 83045540 </subfield></datafield><datafield ind1=" " ind2=" " tag="040"><subfield code="a">CRL</subfield><subfield code="b">eng</subfield><subfield code="c">CRL</subfield><subfield code="d">NPW</subfield><subfield code="d">DLC</subfield><subfield code="d">MGN</subfield><subfield code="d">DLC</subfield><subfield code="d">MGN</subfield><subfield code="d">OCL</subfield><subfield code="d">CNK</subfield><subfield code="d">DLC</subfield><subfield code="d">OCLCQ</subfield><subfield code="d">OCLCF</subfield><subfield code="d">OCLCO</subfield><subfield code="d">CRL</subfield><subfield code="d">OCLCO</subfield><subfield code="d">OCL</subfield><subfield code="d">OCLCO</subfield></datafield><datafield ind1=" " ind2=" " tag="019"><subfield code="a">9526836</subfield></datafield><datafield ind1="1" ind2=" " tag="029"><subfield code="a">AU@</subfield><subfield code="b">000020277249</subfield></datafield><datafield ind1=" " ind2=" " tag="042"><subfield code="a">pcc</subfield></datafield><datafield ind1=" " ind2=" " tag="043"><subfield code="a">n-us-ma</subfield></datafield><datafield ind1="0" ind2="0" tag="050"><subfield code="a">Newspaper</subfield></datafield><datafield ind1="0" ind2=" " tag="130"><subfield code="a">Boston herald traveler and Boston record American (Boston, Mass.)</subfield></datafield><datafield ind1="1" ind2="0" tag="245"><subfield code="a">Boston herald traveler and Boston record American.</subfield></datafield><datafield ind1="3" ind2="0" tag="246"><subfield code="a">Boston herald traveler and record American</subfield></datafield><datafield ind1="3" ind2="0" tag="246"><subfield code="a">Boston record American and Boston herald traveler</subfield></datafield><datafield ind1="3" ind2="0" tag="246"><subfield code="a">Boston record American and herald traveler</subfield></datafield><datafield ind1="3" ind2="0" tag="246"><subfield code="a">Record American and Boston herald traveler</subfield></datafield><datafield ind1="3" ind2="0" tag="246"><subfield code="a">Sunday herald traveler and Boston Sunday advertiser</subfield></datafield><datafield ind1="3" ind2="0" tag="246"><subfield code="a">Sunday herald traveler and Sunday advertiser</subfield></datafield><datafield ind1=" " ind2=" " tag="260"><subfield code="a">Boston, Mass. :</subfield><subfield code="b">Hearst Corp.,</subfield><subfield code="c">1972.</subfield></datafield><datafield ind1=" " ind2=" " tag="300"><subfield code="a">1 v. :</subfield><subfield code="b">ill.</subfield></datafield><datafield ind1=" " ind2=" " tag="310"><subfield code="a">Daily</subfield></datafield><datafield ind1="0" ind2=" " tag="362"><subfield code="a">Vol. 1, no. 1 (June 19, 1972)-v. 1, no. 169 (Dec. 30, 1972).</subfield></datafield><datafield ind1=" " ind2=" " tag="500"><subfield code="a">Published as: Boston herald traveler and record American, June 23-27, 1972.</subfield></datafield><datafield ind1=" " ind2=" " tag="500"><subfield code="a">Some chronological eds. have title: Boston record American and Boston herald traveler; Boston record American and herald traveler; or, Record American and Boston herald traveler.</subfield></datafield><datafield ind1=" " ind2=" " tag="500"><subfield code="a">Published on Sunday as: Sunday herald traveler and Boston Sunday advertiser; or, Sunday herald traveler and Sunday advertiser &lt;June 25&gt;-Dec. 31, 1972.</subfield></datafield><datafield ind1=" " ind2=" " tag="515"><subfield code="a">Sunday issues have their own numbering.</subfield></datafield><datafield ind1=" " ind2="0" tag="651"><subfield code="a">Boston (Mass.)</subfield><subfield code="v">Newspapers.</subfield></datafield><datafield ind1=" " ind2="0" tag="651"><subfield code="a">Suffolk County (Mass.)</subfield><subfield code="v">Newspapers.</subfield></datafield><datafield ind1=" " ind2="7" tag="651"><subfield code="a">Massachusetts</subfield><subfield code="z">Suffolk County.</subfield><subfield code="2">fast</subfield><subfield code="0">(OCoLC)fst01206189</subfield></datafield><datafield ind1=" " ind2="7" tag="651"><subfield code="a">Massachusetts</subfield><subfield code="z">Boston.</subfield><subfield code="2">fast</subfield><subfield code="0">(OCoLC)fst01205012</subfield></datafield><datafield ind1=" " ind2="7" tag="655"><subfield code="a">Newspapers.</subfield><subfield code="2">fast</subfield><subfield code="0">(OCoLC)fst01423814</subfield></datafield><datafield ind1=" " ind2=" " tag="752"><subfield code="a">United States</subfield><subfield code="b">Massachusetts</subfield><subfield code="c">Suffolk</subfield><subfield code="d">Boston.</subfield></datafield><datafield ind1="0" ind2=" " tag="775"><subfield code="t">Boston herald traveler and Boston record American (Boston, Mass. : Cambridge Somerville ed.)</subfield><subfield code="w">(DLC)sn 91058145</subfield><subfield code="w">(OCoLC)24855290</subfield></datafield><datafield ind1="0" ind2="4" tag="780"><subfield code="t">Boston record American (Boston, Mass.)</subfield><subfield code="w">(DLC)sn 91057109</subfield><subfield code="w">(OCoLC)24024648</subfield></datafield><datafield ind1="0" ind2="4" tag="780"><subfield code="t">Boston herald traveler</subfield><subfield code="w">(DLC)sn 85042626</subfield><subfield code="w">(OCoLC)12728836</subfield></datafield><datafield ind1="0" ind2="0" tag="785"><subfield code="t">Boston herald American (Boston, Mass.)</subfield><subfield code="w">(DLC)sn 83045539</subfield><subfield code="w">(OCoLC)1639766</subfield></datafield></record>